%YAML 1.1
%TAG !u! tag:unity3d.com,2011:
--- !u!1 &3298588234679345663
GameObject:
  m_ObjectHideFlags: 0
  m_CorrespondingSourceObject: {fileID: 0}
  m_PrefabInstance: {fileID: 0}
  m_PrefabAsset: {fileID: 0}
  serializedVersion: 6
  m_Component:
  - component: {fileID: 3298588234679345662}
  - component: {fileID: 646439828}
  m_Layer: 11
  m_Name: Door
  m_TagString: Untagged
  m_Icon: {fileID: 0}
  m_NavMeshLayer: 0
  m_StaticEditorFlags: 0
  m_IsActive: 1
--- !u!4 &3298588234679345662
Transform:
  m_ObjectHideFlags: 0
  m_CorrespondingSourceObject: {fileID: 0}
  m_PrefabInstance: {fileID: 0}
  m_PrefabAsset: {fileID: 0}
  m_GameObject: {fileID: 3298588234679345663}
  m_LocalRotation: {x: 0, y: 0, z: 0, w: 1}
  m_LocalPosition: {x: -3.459037, y: 0.9504007, z: -0.1092056}
  m_LocalScale: {x: 1, y: 1, z: 1}
  m_Children:
  - {fileID: 7546982165765657339}
  - {fileID: 7546982166315070544}
  m_Father: {fileID: 0}
  m_RootOrder: 0
  m_LocalEulerAnglesHint: {x: 0, y: 0, z: 0}
--- !u!95 &646439828
Animator:
  serializedVersion: 3
  m_ObjectHideFlags: 0
  m_CorrespondingSourceObject: {fileID: 0}
  m_PrefabInstance: {fileID: 0}
  m_PrefabAsset: {fileID: 0}
  m_GameObject: {fileID: 3298588234679345663}
  m_Enabled: 1
  m_Avatar: {fileID: 0}
  m_Controller: {fileID: 9100000, guid: 36abb32cc205018428753bf3a562fe52, type: 2}
  m_CullingMode: 0
  m_UpdateMode: 0
  m_ApplyRootMotion: 0
  m_LinearVelocityBlending: 0
  m_WarningMessage: 
  m_HasTransformHierarchy: 1
  m_AllowConstantClipSamplingOptimization: 1
  m_KeepAnimatorControllerStateOnDisable: 0
--- !u!54 &6838467078580340296
Rigidbody:
  m_ObjectHideFlags: 0
  m_CorrespondingSourceObject: {fileID: 0}
  m_PrefabInstance: {fileID: 0}
  m_PrefabAsset: {fileID: 0}
  m_GameObject: {fileID: 6838467078580340291}
  serializedVersion: 2
  m_Mass: 1
  m_Drag: 0
  m_AngularDrag: 0.05
  m_UseGravity: 1
  m_IsKinematic: 0
  m_Interpolate: 0
  m_Constraints: 92
  m_CollisionDetection: 0
--- !u!65 &6838467078580340292
BoxCollider:
  m_ObjectHideFlags: 0
  m_CorrespondingSourceObject: {fileID: 0}
  m_PrefabInstance: {fileID: 0}
  m_PrefabAsset: {fileID: 0}
  m_GameObject: {fileID: 6838467078580340291}
  m_Material: {fileID: 0}
  m_IsTrigger: 0
  m_Enabled: 1
  serializedVersion: 2
  m_Size: {x: 0.2861843, y: 4.193192, z: 2.143299}
  m_Center: {x: 0, y: 2.0659277, z: -1.1116495}
--- !u!65 &1323891309
BoxCollider:
  m_ObjectHideFlags: 0
  m_CorrespondingSourceObject: {fileID: 0}
  m_PrefabInstance: {fileID: 0}
  m_PrefabAsset: {fileID: 0}
  m_GameObject: {fileID: 6838467079121494248}
  m_Material: {fileID: 0}
  m_IsTrigger: 1
  m_Enabled: 1
  serializedVersion: 2
  m_Size: {x: 0.26336768, y: 4.267296, z: 2.4087348}
  m_Center: {x: 0.13168211, y: 2.1336474, z: -0.0000010728836}
--- !u!1001 &3298588234559404513
PrefabInstance:
  m_ObjectHideFlags: 0
  serializedVersion: 2
  m_Modification:
    m_TransformParent: {fileID: 3298588234679345662}
    m_Modifications:
    - target: {fileID: -927199367670048503, guid: b969157897ed75d43bda7600bb453966,
        type: 3}
      propertyPath: m_Name
      value: Marco
      objectReference: {fileID: 0}
    - target: {fileID: -927199367670048503, guid: b969157897ed75d43bda7600bb453966,
        type: 3}
      propertyPath: m_Layer
      value: 11
      objectReference: {fileID: 0}
    - target: {fileID: -4216859302048453862, guid: b969157897ed75d43bda7600bb453966,
        type: 3}
      propertyPath: m_LocalPosition.x
      value: 0
      objectReference: {fileID: 0}
    - target: {fileID: -4216859302048453862, guid: b969157897ed75d43bda7600bb453966,
        type: 3}
      propertyPath: m_LocalPosition.y
      value: 0
      objectReference: {fileID: 0}
    - target: {fileID: -4216859302048453862, guid: b969157897ed75d43bda7600bb453966,
        type: 3}
      propertyPath: m_LocalPosition.z
      value: 0
      objectReference: {fileID: 0}
    - target: {fileID: -4216859302048453862, guid: b969157897ed75d43bda7600bb453966,
        type: 3}
      propertyPath: m_LocalRotation.x
      value: 0.00000008146034
      objectReference: {fileID: 0}
    - target: {fileID: -4216859302048453862, guid: b969157897ed75d43bda7600bb453966,
        type: 3}
      propertyPath: m_LocalRotation.y
      value: 0.000000059604645
      objectReference: {fileID: 0}
    - target: {fileID: -4216859302048453862, guid: b969157897ed75d43bda7600bb453966,
        type: 3}
      propertyPath: m_LocalRotation.z
      value: 0.000000029802317
      objectReference: {fileID: 0}
    - target: {fileID: -4216859302048453862, guid: b969157897ed75d43bda7600bb453966,
        type: 3}
      propertyPath: m_LocalRotation.w
      value: 1
      objectReference: {fileID: 0}
    - target: {fileID: -4216859302048453862, guid: b969157897ed75d43bda7600bb453966,
        type: 3}
      propertyPath: m_RootOrder
      value: 0
      objectReference: {fileID: 0}
    - target: {fileID: -4216859302048453862, guid: b969157897ed75d43bda7600bb453966,
        type: 3}
      propertyPath: m_LocalEulerAnglesHint.x
      value: 0
      objectReference: {fileID: 0}
    - target: {fileID: -4216859302048453862, guid: b969157897ed75d43bda7600bb453966,
        type: 3}
      propertyPath: m_LocalEulerAnglesHint.y
      value: 0
      objectReference: {fileID: 0}
    - target: {fileID: -4216859302048453862, guid: b969157897ed75d43bda7600bb453966,
        type: 3}
      propertyPath: m_LocalEulerAnglesHint.z
      value: 0
      objectReference: {fileID: 0}
    m_RemovedComponents: []
  m_SourcePrefab: {fileID: 100100000, guid: b969157897ed75d43bda7600bb453966, type: 3}
--- !u!1 &6838467079121494248 stripped
GameObject:
  m_CorrespondingSourceObject: {fileID: -927199367670048503, guid: b969157897ed75d43bda7600bb453966,
    type: 3}
  m_PrefabInstance: {fileID: 3298588234559404513}
  m_PrefabAsset: {fileID: 0}
--- !u!4 &7546982165765657339 stripped
Transform:
  m_CorrespondingSourceObject: {fileID: -4216859302048453862, guid: b969157897ed75d43bda7600bb453966,
    type: 3}
  m_PrefabInstance: {fileID: 3298588234559404513}
  m_PrefabAsset: {fileID: 0}
--- !u!1001 &3298588235092156234
PrefabInstance:
  m_ObjectHideFlags: 0
  serializedVersion: 2
  m_Modification:
    m_TransformParent: {fileID: 3298588234679345662}
    m_Modifications:
    - target: {fileID: -927199367670048503, guid: db05ddfdc70928f409d5693e07af18eb,
        type: 3}
      propertyPath: m_Name
      value: Puerta
      objectReference: {fileID: 0}
    - target: {fileID: -927199367670048503, guid: db05ddfdc70928f409d5693e07af18eb,
        type: 3}
      propertyPath: m_Layer
      value: 11
      objectReference: {fileID: 0}
    - target: {fileID: 3910551737142617160, guid: db05ddfdc70928f409d5693e07af18eb,
        type: 3}
      propertyPath: m_Layer
      value: 11
      objectReference: {fileID: 0}
    - target: {fileID: 676826008471001101, guid: db05ddfdc70928f409d5693e07af18eb,
        type: 3}
      propertyPath: m_Layer
      value: 11
      objectReference: {fileID: 0}
    - target: {fileID: -588029858643052756, guid: db05ddfdc70928f409d5693e07af18eb,
        type: 3}
      propertyPath: m_Layer
      value: 11
      objectReference: {fileID: 0}
    - target: {fileID: 6793692870452407805, guid: db05ddfdc70928f409d5693e07af18eb,
        type: 3}
      propertyPath: m_Layer
      value: 11
      objectReference: {fileID: 0}
    - target: {fileID: 5757050769884900134, guid: db05ddfdc70928f409d5693e07af18eb,
        type: 3}
      propertyPath: m_Layer
      value: 11
      objectReference: {fileID: 0}
    - target: {fileID: 1934638996618568322, guid: db05ddfdc70928f409d5693e07af18eb,
        type: 3}
      propertyPath: m_Layer
      value: 11
      objectReference: {fileID: 0}
    - target: {fileID: -8286124638533720942, guid: db05ddfdc70928f409d5693e07af18eb,
        type: 3}
      propertyPath: m_Layer
      value: 11
      objectReference: {fileID: 0}
    - target: {fileID: 4653677874191108421, guid: db05ddfdc70928f409d5693e07af18eb,
        type: 3}
      propertyPath: m_Layer
      value: 11
      objectReference: {fileID: 0}
    - target: {fileID: 6759518639327059054, guid: db05ddfdc70928f409d5693e07af18eb,
        type: 3}
      propertyPath: m_Layer
      value: 11
      objectReference: {fileID: 0}
    - target: {fileID: -9211814451755841961, guid: db05ddfdc70928f409d5693e07af18eb,
        type: 3}
      propertyPath: m_Layer
      value: 11
      objectReference: {fileID: 0}
    - target: {fileID: -4216859302048453862, guid: db05ddfdc70928f409d5693e07af18eb,
        type: 3}
      propertyPath: m_LocalPosition.x
      value: 0
      objectReference: {fileID: 0}
    - target: {fileID: -4216859302048453862, guid: db05ddfdc70928f409d5693e07af18eb,
        type: 3}
      propertyPath: m_LocalPosition.y
      value: -0
      objectReference: {fileID: 0}
    - target: {fileID: -4216859302048453862, guid: db05ddfdc70928f409d5693e07af18eb,
        type: 3}
      propertyPath: m_LocalPosition.z
      value: 1.08
      objectReference: {fileID: 0}
    - target: {fileID: -4216859302048453862, guid: db05ddfdc70928f409d5693e07af18eb,
        type: 3}
      propertyPath: m_LocalRotation.x
      value: 0
      objectReference: {fileID: 0}
    - target: {fileID: -4216859302048453862, guid: db05ddfdc70928f409d5693e07af18eb,
        type: 3}
      propertyPath: m_LocalRotation.y
      value: 0
      objectReference: {fileID: 0}
    - target: {fileID: -4216859302048453862, guid: db05ddfdc70928f409d5693e07af18eb,
        type: 3}
      propertyPath: m_LocalRotation.z
      value: 0
      objectReference: {fileID: 0}
    - target: {fileID: -4216859302048453862, guid: db05ddfdc70928f409d5693e07af18eb,
        type: 3}
      propertyPath: m_LocalRotation.w
      value: 1
      objectReference: {fileID: 0}
    - target: {fileID: -4216859302048453862, guid: db05ddfdc70928f409d5693e07af18eb,
        type: 3}
      propertyPath: m_RootOrder
      value: 1
      objectReference: {fileID: 0}
    - target: {fileID: -4216859302048453862, guid: db05ddfdc70928f409d5693e07af18eb,
        type: 3}
      propertyPath: m_LocalEulerAnglesHint.x
      value: 0
      objectReference: {fileID: 0}
    - target: {fileID: -4216859302048453862, guid: db05ddfdc70928f409d5693e07af18eb,
        type: 3}
      propertyPath: m_LocalEulerAnglesHint.y
      value: 0
      objectReference: {fileID: 0}
    - target: {fileID: -4216859302048453862, guid: db05ddfdc70928f409d5693e07af18eb,
        type: 3}
      propertyPath: m_LocalEulerAnglesHint.z
      value: 0
      objectReference: {fileID: 0}
    - target: {fileID: 4320182865749873392, guid: db05ddfdc70928f409d5693e07af18eb,
        type: 3}
      propertyPath: m_Layer
      value: 11
      objectReference: {fileID: 0}
    - target: {fileID: -2017288516287769222, guid: db05ddfdc70928f409d5693e07af18eb,
        type: 3}
      propertyPath: m_Layer
      value: 11
      objectReference: {fileID: 0}
    m_RemovedComponents: []
  m_SourcePrefab: {fileID: 100100000, guid: db05ddfdc70928f409d5693e07af18eb, type: 3}
--- !u!1 &6838467078580340291 stripped
GameObject:
  m_CorrespondingSourceObject: {fileID: -927199367670048503, guid: db05ddfdc70928f409d5693e07af18eb,
    type: 3}
  m_PrefabInstance: {fileID: 3298588235092156234}
  m_PrefabAsset: {fileID: 0}
--- !u!4 &7546982166315070544 stripped
Transform:
  m_CorrespondingSourceObject: {fileID: -4216859302048453862, guid: db05ddfdc70928f409d5693e07af18eb,
    type: 3}
  m_PrefabInstance: {fileID: 3298588235092156234}
  m_PrefabAsset: {fileID: 0}
